<record><leader>00000cas a22000007a 4500</leader><controlfield tag="001">13519417</controlfield><controlfield tag="008">860502d18941940paudn ne      0    0eng d</controlfield><datafield ind1=" " ind2=" " tag="010"><subfield code="a">sn 87078043 </subfield></datafield><datafield ind1=" " ind2=" " tag="040"><subfield code="a">NPH</subfield><subfield code="b">eng</subfield><subfield code="c">NPH</subfield><subfield code="d">OCLCQ</subfield></datafield><datafield ind1=" " ind2=" " tag="042"><subfield code="a">msc</subfield></datafield><datafield ind1="0" ind2=" " tag="130"><subfield code="a">Evening report (Lebanon, Pa.)</subfield></datafield><datafield ind1="1" ind2="0" tag="245"><subfield code="a">Evening report.</subfield></datafield><datafield ind1="1" ind2="7" tag="246"><subfield code="a">Report</subfield></datafield><datafield ind1=" " ind2=" " tag="260"><subfield code="a">Lebanon, Pa. :</subfield><subfield code="b">Report Pub. Co.,</subfield><subfield code="c">1894-</subfield></datafield><datafield ind1=" " ind2=" " tag="300"><subfield code="a">v. :</subfield><subfield code="b">ill.</subfield></datafield><datafield ind1=" " ind2=" " tag="310"><subfield code="a">Daily (except Sun.)</subfield></datafield><datafield ind1="0" ind2=" " tag="362"><subfield code="a">Vol. 5, no. 28 (Dec. 3, 1894)-</subfield></datafield><datafield ind1="1" ind2=" " tag="362"><subfield code="a">Ceased in 1940?</subfield><subfield code="z">Cf. Nim, 1972.</subfield></datafield><datafield ind1=" " ind2=" " tag="752"><subfield code="a">United States</subfield><subfield code="b">Pennsylvania</subfield><subfield code="c">Lebanon</subfield><subfield code="d">Lebanon.</subfield></datafield><datafield ind1="0" ind2=" " tag="775"><subfield code="t">Morning report (Lebanon, Pa.)</subfield><subfield code="w">(DLC)sn 89077269</subfield></datafield><datafield ind1="0" ind2=" " tag="775"><subfield code="t">Lebanon courier and semi-weekly report</subfield><subfield code="w">(DLC)sn 86081673</subfield></datafield><datafield ind1="0" ind2=" " tag="775"><subfield code="t">Semi-weekly report (Lebanon, Pa.)</subfield><subfield code="w">(DLC)sn 89077271</subfield></datafield><datafield ind1="0" ind2="0" tag="780"><subfield code="t">Daily report (Lebanon, Pa.)</subfield><subfield code="w">(DLC)sn 87080042</subfield></datafield></record>